@book{sutton2018reinforcement,
  title={Reinforcement learning: An introduction},
  author={Sutton, Richard S and Barto, Andrew G},
  year={2018},
  publisher={MIT press}
}

@MISC{deep-q-learning,
   author =       {Daniel Takeshi},
   title =        {Fundamentals of Policy Gradients},
   editor =       {medium.com},
   month =        {May},
   year =         {2017},
   url = {https://danieltakeshi.github.io/2017/03/28/going-deeper-into-reinforcement-learning-fundamentals-of-policy-gradients/},
   note =         {[Online; accessed october-2020]},
 }

