@inproceedings{nagendra2017comparison,
  title={Comparison of reinforcement learning algorithms applied to the cart-pole problem},
  author={Nagendra, Savinay and Podila, Nikhil and Ugarakhod, Rashmi and George, Koshy},
  booktitle={2017 International Conference on Advances in Computing, Communications and Informatics (ICACCI)},
  pages={26--32},
  year={2017},
  organization={IEEE}
}