@book{sutton2018reinforcement,
  title={Reinforcement learning: An introduction},
  author={Sutton, Richard S and Barto, Andrew G},
  year={2018},
  publisher={MIT press}
}

@MISC{deep-q-learning,
   author =       {Ashish Gupta},
   title =        {AI Learning to land a Rocket(Lunar Lander) | Reinforcement Learning},
   editor =       {medium.com},
   month =        {August},
   year =         {2019},
   url = {https://towardsdatascience.com/ai-learning-to-land-a-rocket-reinforcement-learning-84d61f97d055},
   note =         {[Online; posted 28-August-2019]},
 }

